<record><leader>00000cas a22000007a 4500</leader><controlfield tag="001">9353628</controlfield><controlfield tag="008">830328d19021931ilucr ne      0    0slv d</controlfield><datafield ind1=" " ind2=" " tag="010"><subfield code="a">sn 83045203 </subfield></datafield><datafield ind1=" " ind2=" " tag="040"><subfield code="a">CRL</subfield><subfield code="b">eng</subfield><subfield code="c">CRL</subfield><subfield code="d">NPW</subfield><subfield code="d">OCL</subfield><subfield code="d">OCLCQ</subfield></datafield><datafield ind1=" " ind2=" " tag="042"><subfield code="a">msc</subfield></datafield><datafield ind1="0" ind2="0" tag="245"><subfield code="a">Glas svobode.</subfield></datafield><datafield ind1="1" ind2="3" tag="246"><subfield code="a">Voice of liberty</subfield></datafield><datafield ind1=" " ind2=" " tag="260"><subfield code="a">Chicago, Ill. :</subfield><subfield code="b">M.V. Konda</subfield></datafield><datafield ind1=" " ind2=" " tag="300"><subfield code="a">v.</subfield></datafield><datafield ind1=" " ind2=" " tag="310"><subfield code="a">Semiweekly,</subfield><subfield code="b">Apr. 1925-&lt;Apr. 12, 1927&gt;</subfield></datafield><datafield ind1=" " ind2=" " tag="321"><subfield code="a">Semiweekly,</subfield><subfield code="b">&lt;Aug. 28, 1917&gt;-Jan. 1923</subfield></datafield><datafield ind1=" " ind2=" " tag="321"><subfield code="a">Triweekly,</subfield><subfield code="b">Feb. 1923-Mar. 1925</subfield></datafield><datafield ind1="1" ind2=" " tag="362"><subfield code="a">Published 1902-1931?</subfield><subfield code="z">Cf. Gregory, W. Amer. newspapers.</subfield></datafield><datafield ind1=" " ind2=" " tag="500"><subfield code="a">Publisher varies.</subfield></datafield><datafield ind1=" " ind2=" " tag="500"><subfield code="a">Published on Tuesday and Friday (Monday, Wednesday, and Friday, Feb. 1923-Mar. 1925).</subfield></datafield><datafield ind1=" " ind2=" " tag="521"><subfield code="a">"Glasilo svobodomiselnih Slovencev v Ameriki."</subfield></datafield><datafield ind1=" " ind2=" " tag="546"><subfield code="a">In Slovenian.</subfield></datafield><datafield ind1=" " ind2=" " tag="588"><subfield code="a">Description based on: Vol. 16, no. 69 (Aug. 28th, 1917).</subfield></datafield><datafield ind1=" " ind2=" " tag="752"><subfield code="a">United States</subfield><subfield code="b">Illinois</subfield><subfield code="c">Cook</subfield><subfield code="d">Chicago.</subfield></datafield></record>